@article{Achen2005,
	author = {Christopher H. Achen},
	title = {Let's Put Garbage-Can Regressions and Garbage-Can Probits Where They Belong},
	journal = {Conflict Management and Peace Science},
	volume = {2},
	year = {2005},
	pages = {327-339}
}

@article{Adel2014,
	author = {Adel Javanmard and Andrea Montanari},
	title = {Hypothesis Testing in High-Dimensional Regression under the Gaussian Random Design Model: Asymptotic Theory},
	journal = {arXiv:1301.4240v3 [stat.ME]},
	pages = {63},
	year = {2014}
}

@article{Anderson2009,
	author = {L. G. Anderson},
	title = {Ethanol fuel use in Brazil: Air quality impacts},
	journal = {Energy Environ. Sci.},
	volume = {2},
	year = {2009},
	pages = {1015-1037}
}

@article{AndersenGill1982,
author = {P. K. Andersen and R. D. Gill},
title = {Cox's regression model for counting processes: a large sample study},
journal = {The Annals of Statistics},
volume = {10},
year = {1982},
pages = {1100-1120}
}


@article{Apley2016,
	author = {Daniel Apley},
	title = {Visualizing the Effects of Predictor Variables in Black Box Supervised Learning Models},
	journal = {arXiv},
	year = {2016},
	number = {arXiv:1612.08468}
}


@article{Aslanidou1998,
author = {H. Aslanidou and D. K. Dey and D. Sinha},
title = {Bayesian analysis of multivariate survival data using Monte Carlo methods},
journal = {Can J. Statist.},
volume = {26},
year = {1998},
pages = {33-48}
}


@article{Baertsch-Ritter2004,
author = {N. Baertsch-Ritter and J. Keller and J. Dommen and A. S. H. Prevot},
title = {Effects of various meteorological conditions and spatial emission resolutions on the ozone concentration and {ROG/NO}$_x$ limitation in the Milan Area},
journal = {Atmos. Chem. Phys.},
volume = {4},
year = {2004},
pages = {423-438}
}


@article{Bailey1983,
author = {K. R. Bailey},
title = {The asymptotic joint distribution of regression and survival parameter estimates in the cox regression model},
journal = {Annals of Statistics},
number = {11},
year = {1983},
pages = {39-48}
}


@article{Barros2009,
	author = {Michelli Barros and Gilberto A. Paula and Victor Leiva},
	title = {An R implementation for generalized {B}irnbaum-{S}aunders distributions},
	journal = {Computational Statistics and Data Analysis},
	volume = {53},
	number = {4},
	year = {2009},
	pages = {1511-1528}
}


@article{Beer2011,
author = {Tom Beer and John Carras and David Worth and Nick Coplin and Peter K. Campbell and Bin Jalaludin and Dennys Angove and Merched Azzi and Steve Brown and Ian Campbell and Martin Cope and Owen Farrell and Ian Galbally and Stephen Haiser and Brendan Halliburton and Robert Hynes and David Jacyna and Melita Keywood and Steven Lavrencic and Sarah Lawson and Sunhee Lee and Imants Liepa and James McGregor and Peter Nancarrow and Michael Patterson and Jennifer Powell and Anne Tibbett and Jason Ward and Stephen White and David Williams and Rosemary Wood},
title = {The Health Impacts of Ethanol Blend Petrol},
journal = {Energies},
number = {4},
year = {2011},
pages = {352-367}
}


@article{Belusic2015,
	author = {Andreina Belusic and Ivana Herceg-Bulic and Zvjezdana Bencetic Klaic},
	title = {Using a generalized additive model to quantify the influence of local meteorology on air quality in Zagreb},
	journal = {Geofizika},
	volume = {32},
	year = {2015},
	pages = {48-78}
}

@article{Buhr1992,
	author = {Buhr, M. P. and Trainer, M. and Parrish, D. D. and Sievers, R. E. and Fehsenfeld, F. C.},
	title = {Assessment of pollutant emission inventories by principal component analysis of ambient air measurements},
	journal = {Geophysical Research Letters},
	volume = {19},
	number = {10},
	pages = {1009-1012},
	doi = {10.1029/92GL01020},
	year = {1992}
}

@article{Bollerslev1986,
	author = {Tim Bollerslev},
	title = {Generalized autoregressive conditional heteroscedasticity},
	journal = {J. Econ.},
	volume = {31},
	year = {1986},
	pages = {307-327}
}



@article{Borges2012,
author = {A. S. Borges and M. F. Andrade and R. Guardani},
title = {Ground-level ozone prediction using a neural network model based on meteorological variables and applied to the metropolitan area of S{\~a}o Paulo},
journal = {Int. J. Environment and Pollution},
volume = {49},
year = {2012},
pages = {1-15}
}

@article{Breiman1985,
	author = {Leo Breiman and Jerome H. Friedman},
	title = {Estimating optimal transformations for multiple regression and correlations (with discussion)},
	journal = {Journal of the American Statistical Association},
	year = {1985},
	volume = {80},
	number = {391},
	pages = {580-619}
}

@article{Breiman2001,
	author = {Leo Breiman},
	title = {Statistical Modeling: The Two Cultures},
	journal = {Statistical Science},
	year = {2001},
	volume = {16},
	number = {3},
	pages = {199-231}
}

@article{Breslow1972,
author = {N. E. Breslow},
title = {Contribution to the discussion of the paper by D. R. Cox. },
journal = {J. Roy. Statist. Soc. B},
volume = {34},
pages = {187-220},
year = {1972}
}

@article{Breslow1974a,
author = {N. E. Breslow and J. Crowley},
title = {A large sample study of the life table and product limit estimates under random censorship},
journal = {Ann. Statist.},
volume = {2},
number = {3},
pages = {437-453},
year = {1974},
month = {Mar}
}

@article{Breslow1974b,
author = {N. E. Breslow},
title = {Covariance analysis of censored survival data},
journal = {Biometrics},
volume = {30},
number = {1},
pages = {89-99},
year = {1974},
month = {Mar}
}

@article{Breslow1993,
author = {N. E. Breslow and D. G. Clayton},
title = {Approximate Inference in Generalized Linear Mixed Models},
journal = {Journal of the American Statistical Association},
year =  {1993},
volume = {88},
pages = {9-25},
}

@article{Breslow1996,
author = {X. Li and N. E. Breslow},
title = {Bias Correction in Generalized Linear Mixed Models With Multiple Components of Dispersion},
journal = {Journal of the American Statistical Association},
year = {1996},
volume = {91},
number = {435},
pages = {1007-1016}
}

@article{Cameron2015,
	author = {Adrian C. Cameron and Douglas L. Miller},
	title = {A Practitioner's Guide to Cluster-Robust Inference},
	journal = {J. Human Resources},
	year = {2015},
	volume = {50},
	number = {2},
	pages = {317-372}
}

@article{Carslaw2007,
author = {David C. Carslaw and Sean D. Beevers and James E. Tate},
title = {Modelling and assessing trends in traffic-related emissions using a generalised additive modelling approach},
journal = {Atmospheric Environment},
year = {2007},
volume = {41},
pages = {5289-5299}
}


@article{Carvalho2015,
author = {Vanessa Silveira Barreto Carvalho and Edmilson Dias Freitas and Leila Droprinchinski Martins and Jorge Alberto Matins and Caroline Rosario Mazzoli and Maria de F{\'a}tima Andrade},
title = {Air quality status and trends over the Metropolitan Area of {S}{\~a}o {P}aulo, {B}razil as a result of emission control policies},
journal = {Environmental Science \& Policy},
volume = {47},
year = {2015},
pages = {68-79}
}



@article{Chang2017,
	author = {Shih Ying Chang and William Vizuete and Marc Serre and Lakshmi Pradeepa Vennam and Mohammad Omary and Vlad Isakov and Michael Breen and Saravanan Arunachalam},
	title = {Finely Resolved On-Road {PM}2.5 and Estimated Premature Mortality in Central {N}orth {C}arolina},
	journal = {Risk Analysis},
	url = {http://dx.doi.org/10.1111/risa.12775},
	doi = {10.1111/risa.12775},
	keywords = {Air pollution, fine-resolution modeling, PM2.5, R-LINE, traffic-related mortality},
	year = {2017}
}

@article{Chavent2009,
	title = {{PCA} and {PMF} based methodology for air pollution sources identification and apportionment},
	author = {Chavent, Marie and Guegan, Herv{\'e} and Kuentz, Vanessa and Patouille, Brigitte and Saracco, J{\'e}r{\^o}me},
	publisher = {{Environmetrics}},
	volume = {20},
	pages = {928-942},
	year = {2009},
	url = {https://hal.archives-ouvertes.fr/hal-00332015/file/Env-2009-preprint.pdf},
}

@article{Chen2017,
	author = {Jeanette A. Stingone and Om P.Pandey and Luz Claudio and Gaurav Pandey},
	title = {Using machine learning to identify air pollution exposure profiles associated with early cognitive skills among U.S. children},
	journal = {Environmental Pollution},
	year = {2017},
	volume = {230},
	pages = {230-240}
}

@article{Chuang2011,
	title = "Generalized linear mixed models in time series studies of air pollution",
	journal = "Atmospheric Pollution Research",
	volume = "2",
	number = "4",
	pages = "428 - 435",
	year = "2011",
	author = "Ya-Hsiu Chuang and Sati Mazumdar and Taeyoung Park and Gong Tang and Vincent. C. Arena and Mark J. Nicolich",
	url = "http://www.sciencedirect.com/science/article/pii/S1309104215304694"
}


@article{Claeskens2013,
author = {Candida Geerdens and Gerda Claeskens and Paul Janssen},
title = {Goodness-of-fit tests for the frailty distribution in proportional hazards models with shared frailty},
journal = {Biostatistics},
volume = {14},
number = {3},
year = {2013},
pages = {433-446}
}

@article{Clayton1978,
author = {David G. Clayton},
title = {A model for association in bivariate life tables and its application in epidemiological studies of familial tendency disease incidence},
journal = {Biometrika},
volume = {65},
year = {1978},
pages = {141-151}
}

@article{Clayton1985,
author = {David G. Clayton and Jack Cuzick},
title = {Multivariate Generalizations of the Proportional Hazards Model},
journal = {Journal of the Royal Statistical Society. Series A (General)},
volume = {148},
number = {2},
year = {1985},
pages = {82-117}
}

@article{Clayton1991,
author = {D. G. Clayton},
title = {A Monte Carlo method for Bayesian inference in frailty models},
journal = {Biometrica},
volume = {47},
year = {1991},
pages = {467-485}
}

@article{Collet2008,
	author = {V. Dordonnat and S. J. Koopman and M. Ooms and A. Dessertaine and J. Collet},
	title = {An hourly periodic state space model for modelling French national electricity load},
	journal = {International Institute of Forecasters},
	volume = {24},
	year = {2008},
	pages = {566-587}
}

@article{Cortina2015,
	title = "Development of a model for forecasting of PM10 concentrations in Salamanca, Mexico",
	journal = "Atmospheric Pollution Research",
	volume = "6",
	number = "4",
	pages = "626 - 634",
	year = "2015",
	issn = "1309-1042",
	doi = "https://doi.org/10.5094/APR.2015.071",
	url = "http://www.sciencedirect.com/science/article/pii/S1309104215301951",
	author = "Maria Guadalupe Cortina-Januchs and Joel Quintanilla-Dominguez and Antonio Vega-Corona and Diego Andina"
}


@article{Coull2001,
	author = {Brent Coull and Joel Schwartz and Matt Wand},
	title = {Respiratory health and air pollution: additivemixed model analyses},
	journal = {Biostatistics},
	volume = {2},
	number = {3},
	year = {2001},
	pages = {337-349}
}



@article{Cox1972,
author = {D. R. Cox},
title = {Regression models and life-tables (with Discussion)},
journal = {J. R. Statist. Soc.},
volume = {B, 34},
year = {1972},
pages = {187-220},
series = {Monographs on statistics and applied probability}
}

@article{Cox1975,
author = {D. R. Cox},
title = {Partial likelihood},
journal = {Biometrika},
volume = {62},
year = {1975},
pages = {269-276}
}


@article{Cox2012,
	author = {L. A. Cox},
	title = {Miscommunicating Risk, Uncertainty, and Causation: Fine Particulate Air Pollution and Mortality Risk as an Example},
	journal = {Risk Analysis},
	volume = {32},
	number = {5},
	year = {2012}
}

@article{CoxReid1987,
author = {D. R. Cox and N. Reid},
title = {Parameter Orthogonality and Approximate Conditional Inference},
journal = {Journal of the Royal Statistical Society},
volume = {49},
number = {1},
year = {1987},
pages = {1-39}
}

@article{CuiSun2004,
author = {Sufang Cui and Yanqing Sun},
title = {Checking for de Gamma frailty distribution under the marginal proportional hazards frailty model},
journal = {Statistica Sinica},
volume = {14},
year = {2004},
pages = {249-267}
}


@article{Dempster1977,
	author = {A. P. Dempster and N. M. Laird and D. B. Rubin},
	title = {Maximum likelihood from incomplete data via the {EM} algorithm},
	journal = {J. R. Statist. Soc. },
	volume = {B 39},
	year = {1977},
	pages = {1-38}
}

@article{EC1999,
	author = {{European Commission}},
	title = {{EU} focus on clean air},
	organization = {Environment, Nuclear Safety and Civil Protection},
	journal = {Office for Official Publications of the European Communities},
	year = {1999}
}

@article{Efron1977,
author = {B. Efron},
title = {The efficiency of Cox's likelihood functions for censored data},
journal = {Journal of the American Statistical Association},
volume = {72},
year = {1977},
pages = {557-565}
}

@article{Eckner2018,
	author = {Andreas Eckner},
	title = {A Framework for the Analysis of Unevenly Spaced Time Series Data},
	journal = {Journal of the American Statistical Association},
	year = {2018},
	url = {http://eckner.com/papers/unevenly_spaced_time_series_analysis.pdf}
}


@article{Elangasinghe2014,
	title = "Development of an {ANN}-based air pollution forecasting system with explicit knowledge through sensitivity analysis",
	journal = "Atmospheric Pollution Research",
	volume = "5",
	number = "4",
	pages = "696 - 708",
	year = "2014",
	issn = "1309-1042",
	url = "http://www.sciencedirect.com/science/article/pii/S1309104215302786",
	author = "Madhavi Anushka Elangasinghe and Naresh Singhal and Kim N. Dirks and Jennifer A. Salmond",
	keywords = "Air pollution modeling, artificial neural networks, sensitivity analysis, meteorology, {NO} concentrations"
}


@article{Engle1982,
	author = {Robert F. Engle},
	title = {Autoregressive conditional heteroscedasticity with estimates of the variance of United Kingdom inflation},
	journal = {Econometrica},
	volume = {50},
	year = {1982},
	pages = {987-1007}
}

@article{Fann2012,
	author = {Neal Fann and A. D. Lamson and S. C. Anenberg and K Wesson and D. Risley and B. J. Hubbel},
	title = {Estimating the national public health burden associated with exposure to ambient {PM}2.5 and ozone},
	journal = {Risk Analysis},
	year = {2012},
	volume = {32},
	pages = {81-95}
}

@article{Fann2013,
	author = {Neal Fann and D. Risley},
	title = {The public health context for {PM}2.5 and ozone air quality trends},
	journal = {Air Qual Atmos Health},
	year = {2013},
	volume = {6},
	pages = {1-11}
}

@article{Feng2015,
	title = "Artificial neural networks forecasting of PM2.5 pollution using air mass trajectory based geographic model and wavelet transformation",
	journal = "Atmospheric Environment",
	volume = "107",
	pages = "118 - 128",
	year = "2015",
	doi = "https://doi.org/10.1016/j.atmosenv.2015.02.030",
	url = "http://www.sciencedirect.com/science/article/pii/S1352231015001491",
	author = "Xiao Feng and Qi Li and Yajie Zhu and Junxiong Hou and Lingyan Jin and Jingjie Wang",
	keywords = "PM forecasting, Artificial neural networks, Air mass trajectory based geographic model, Wavelet transformation",
}

@article{Fisher1918,
	author = {Ronald Fisher},
	title = {The correlation between relatives on the supposition of {M}endelian inheritance},
	journal = {Transactions of the Royal Society of Edinburgh},
	year = {1918},
	volume = {652},
	number = {2},
	pages = {399-433}
}

@article{Garrett2011,
	author = {Pedro Garrett and Elsa Casimiro},
	title = {Short-term effect of fine particulate matter (PM2.5) and ozone on daily mortality in {L}isbon, {P}ortugal},
	journal = {Environ Sci Pollut Res},
	volume = {18},
	pages = {1585-1582},
	year = {2011}
}

@article{Gill1984,
author = {Richard D. Gill},
title = {Understanding Cox's regression model: a martingale Approach},
journal = {Journal of the American Statistical Association},
volume = {79},
number = {386},
year = {1984},
pages = {441-447}
}

@article{Gleice2001a,
	author = {Gleice M. S. Concei{\c{c}}{\~a}o and Simone G. E. K. Miraglia and Humberto S. Kishi and Paulo H. N. Saldiva and Julio M. Singer},
	title = {Air pollution and child mortality: a time-series study in {S}{\~a}o {P}aulo, {B}razil},
	journal = {Environmental Health Perspectives},
	number = {3},
	volume = {109},
	pages = {347-350},
	year = {2001}
}

@article{Gleice2001b,
	author = {Gleice M. S. Concei{\c{c}}{\~a}o and Paulo H. N. Saldiva and Julio M. Singer},
	title = {Modelos {MLG} e {MAG} para an{\'a}lise da associa{\c{c}}{\~a}o entre polui{\c{c}}{\~a}o atmosf{\'e}rica e marcadores de morbi-mortalidade: uma introdu{\c{c}}{\~a}o baseada em dados da cidade de {S}{\~a}o {P}aulo},
	journal = {Revista Brasileira de Epidemiologia},
	number = {3},
	volume = {4},
	pages = {206-219},
	year = {2001}
}





@article{Glidden1999,
author = {David V. Glidden},
title = {Checking the adequacy of the gamma frailty model for multivariate failure times},
journal = {Biometrika},
volume = {86},
number = {2},
year = {1999},
pages = {381-393}
}

@article{Good1971a,
author = {I. J. Good},
title = {The probabilistic explication of information, evidence, surprise, causality, explanation, and utility},
journal = {Foundations of Statistical Inference},
year = {1971},
pages = {108-127}
}

@article{Good1971b,
author = {I. J. Good},
title = {A non-parametric roughness penalty for probability densities},
journal = {Biometrika},
volume = {58},
year = {1971},
pages = {255-277}
}

@book{Goodfellow2016,
	title={Deep Learning},
	author={Ian Goodfellow and Yoshua Bengio and Aaron Courville},
	publisher={MIT Press},
	note={\url{http://www.deeplearningbook.org}},
	year={2016}
}

@article{GoodGaskins1971,
author = {I. J. Good and R. A. Gaskins},
title = {Nonparametric roughness penalties for probability densities},
journal = {Biometrika},
volume = {58},
year = {1971},
pages = {255-277}
}


@article{Gower1971,
	author = {C. John Gower},
	title = {A general coefficient of similarity and some of its properties},
	journal = {Biometrics},
	year = {1971},
	pages = {857-871}
}

@article{Green1987,
author = {P. J. Green},
title = {Penalized likelihood for general semi-parametric regression models},
journal = {International Statistical Review},
volume = {55},
year = {1987},
pages = {245-259}
}

@article{Hougaard1987,
author = {P. Hougaard},
title = {Modeling multivariate suvival},
journal = {Scond. J. Statist.},
volume = {14},
year = {1987},
pages = {291-304}
}

@article{Ha2001,
author = {Il Do Ha and Youngjo Lee and Jae-Kee Song},
title = {Hierarchical likelihood approach for frailty models},
journal = {Biometrika},
volume = {88},
year = {2001},
pages = {233-243}
}

@article{Ha2003a,
author = {Il Do Ha and Youngjo Lee},
title = {Estimating Frailty Models via Poisson Hierarchical Generalized Linear Models},
journal = {Journal of Computational and Graphical Statistics},
volume = {12},
number= {3},
year = {2003},
pages = {663-681}
}

@article{Ha2003b,
author = {Il Do Ha and Taesung Park and Youngjo Lee},
title = {Joint Modelling of Repeated Measures and Survival Time Data},
journal = {Biometrical Journal},
volume = {45},
number= {6},
year = {2003},
pages = {647–658}
}

@article{Ha2005,
author = {Il Do Ha and Youngjo Lee},
title = {Comparison of Hierarchical Likelihood versus Orthodox Best Linear Unbiased Predictor Approaches for Frailty Models},
journal = {Biometrika},
volume = {92},
number= {3},
year = {2005},
pages = {717-723}
}


@article{Ha2010,
author = {Il Do Ha and Maegseok Noh and Youngjo Lee },
title = {Bias Reduction of Likelihood Estimators in Semiparametric Frailty Models},
journal = {Scandinavian Journal of Statistics},
volume = {37},
year = {2010},
pages = {307-320}
}


@article{Ha2012,
author = {Il Do Ha and Maegseok Noh and Youngjo Lee},
title = {FrailtyHL: a package for fitting frailty models with H-likelihood},
journal = {The R Journal},
volume = {4},
number = {2},
year = {2012},
pages = {28-36}
}

@article{Hadley2010,
	author = {Hadley Wickham},
	title = {A layered grammar of graphics	},
	journal = {Journal of Computational and Graphical Statistics},
	volume = {19},
	number = {1},
	year = {2010},
	pages = {3-28},
	url = {http://vita.had.co.nz/papers/layered-grammar.pdf}
}

@article{Tecer2009,
	author = {Lokman Hakan Tecer},
	title = {A factor analysis study: Air pollution, meteorology, and hospital admissions for respiratory diseases},
	journal = {Toxicological \& Environmental Chemistry},
	volume = {91},
	number = {7},
	pages = {1399-1411},
	year  = {2009},
	publisher = {Taylor \& Francis},
	doi = {10.1080/02772240902732316},	
}
	
@article{Harville1977,
author = {D. Harville},
title = {Maximum likelihood approaches to variance component estimation and related problems},
journal = {Journal of the American Statistical Association},
volume = {72},
year = {1977},
pages = {320-340}
}

@article{Harville1977,
	author = {D. Harville},
	title = {Maximum likelihood approaches to variance component estimation and related problems},
	journal = {Journal of the American Statistical Association},
	volume = {72},
	year = {1977},
	pages = {320-340}
}

@article{Hinton2006,
	author = {G. E. Hinton and R. R. Salakhutdinov},
	title = {Reducing the Dimensionality of Data with Neural Networks},
	journal = {Science},
	volume = {313},
	year = {2006},
	pages = {504-507}
}

@article{Hoek2002,
author = {Gerard Hoek and Bert Brunekreef and Sandra Goldbohm and Paul Fischer and Piet A van den Brandt},
title = {Association between mortality and indicators of traffic-related air pollution in the Netherlands: a cohort study},
journal = {The Lancet},
volume = {360},
year = {2002},
pages = {1203:1209}
}

@article{Jacobson2007,
author = {Mark Z. Jacobson},
title = {Effects of Ethanol ({E}85) versus Gasoline Vehicles on Cancer and Mortality in the {U}nited {S}tates},
journal = {Environmental Science \& Technology},
volume = {41},
number= {11},
year = {2007},
pages = {4150-4157}
}

@article{Jeon2012,
author = {Jihyoun Jeon and Li Shi and Malka Gorfine},
title = {Bias correction in the hierarchical likelihood approach to the analysis of multivariate survival data},
journal = {Biostatistics},
volume = {13},
number= {3},
year = {2012},
pages = {384-397}
}

@article{Johansen1983,
author = {Soren Johansen},
title = {An Extension of Cox's Regression Model},
journal = {International Statistical Review},
volume = {51},
number= {2},
year = {1983},
pages = {165--174}
}

@article{Kalman1960,
	author = {R. E. Kalman},
	title = {A new approach to linear filtering and prediction problems},
	journal = {Trans. ASME J. of Basic Eng.},
	number = {82},
	year = {1960},
	pages = {35-45}
}

@article{Kalman1961,
	author = {R. E. Kalman and R. S. Bucy},
	title = {New results in filtering and prediction problems},
	journal = {Trans. ASME J. of Basic Eng.},
	number = {83},
	year = {1961},
	pages = {95-108}
}

@article {Katsouyanni1996,
	author = {Katsouyanni, K. and Schwartz, J. and Spix, C. and Touloumi, G. and Zmirou, D. and Zanobetti, A. and Wojtyniak, B. and Vonk, J. M. and Tobias, A. and P{\"o}nk{\"a}, A. and Medina, S. and Bach{\'a}rov{\'a}, L. and Anderson, H. R.},
	title = {Short term effects of air pollution on health: a European approach using epidemiologic time series data: the APHEA protocol.},
	volume = {50},
	number = {Suppl 1},
	pages = {S12--S18},
	year = {1996},
	doi = {10.1136/jech.50.Suppl_1.S12},
	publisher = {BMJ Publishing Group Ltd},
	issn = {0143-005X},
	URL = {http://jech.bmj.com/content/50/Suppl_1/S12},
	eprint = {http://jech.bmj.com/content/50/Suppl_1/S12.full.pdf},
	journal = {Journal of Epidemiology \& Community Health}
}

@article{Kiefer1952,
	author = {J. Kiefer and J. Wolfowitz},
	title = {Stochastic Estimation of the Maximum of a Regression Function},
	journal = { Ann. Math. Statista},
	volume = {23},
	numer = {3},
	year = {1952},
	pages = {462-466}
}


@article{Klein1992,
author = {J. P. Klein},
title = {Semiparametric estimation of random effects using the Cox model based on the EM algorithm},
journal = {Biometrica},
volume = {49},
year = {1992},
pages = {221--225}
}


@article{Kloog2012,
	author = {Itai Kloog and Francesco Nordio and Brent A. Coull and Joel Schwartz},
	title = {Incorporating local land use regression and satellite aerosol optical depth in a hybrid model of spatiotemporal {PM}2.5 exposures in the mid-atlantic states},
	journal = {American Chemical Society},
	volume = {46},
	year = {2012},
	pages = {11913-11921}
}

@article{Kumar2010,
	title = "{GARCH} modelling in association with {FFT-ARIMA} to forecast ozone episodes",
	journal = "Atmospheric Environment",
	volume = "44",
	number = "34",
	pages = "4252 - 4265",
	year = "2010",
	issn = "1352-2310",
	doi = "https://doi.org/10.1016/j.atmosenv.2010.06.055",
	url = "http://www.sciencedirect.com/science/article/pii/S1352231010005340",
	author = "Ujjwal Kumar and Koen De Ridder"
}

@article{Lagakos1979,
author = "S. W. Lagakos",
title = "General Right Censoring and Its Impact on the Analysis of Survival Data",
journal = "Biometrics",
volume = "35",
number = "1",
pages = "139-156",
year = "1979",
month = "Mar"
}

@article{LeeNelder1996,
author = {Y. Lee and J. A. Nelder},
title = {Hierarchical generalized linear models (with Discussion)},
journal = {J. R. Statist. Soc.},
volume = {B 58},
number = {4},
month = {Dec},
year = {1996},
pages = {619-678}
}

@article{LeeNelder2001,
author = {Y. Lee and John A. Nelder},
title = {Hierarchical Generalised Linear Models: A Synthesis of Generalised Linear Models},
journal = {Biometrika},
volume = {88},
year = {2001},
pages = {987-1006}
}

@article{Leiva2008,
	author = {Victor Leiva and Michelli Barros and Gilberto A. Paula. and Antonio Sanhueza},
	title = {Generalized Birnbaum-Saunders distribution applied to air pollutant concentration},
	journal = {Environmetrics},
	volume = {19},
	year = {2008},
	pages = {235-249}
}


@article{Lenglart1977,
author = {E. Lenglart},
title = {Relation de Domination entre deux Processus},
journal = {Ann. Inst. H. Poincar{\'e}},
volume = {13},
year = {1977},
pages = {171-179}
}


@article{Liang1986,
	author = {K. Y. Liang and S. L. Zeger},
	title = {Longitudinal data analysis using generalized linear models},
	journal = {Biometrika},
	volume = {73},
	year = {1986},
	pages = {13-22}
}

@article{Liao1999,
	author = {Duanping Liao and John Creason and Card Shy and Ron Williams and Randall Watfs and Roy Zweidinger},
	title = {Daily variation of particulate air pollution and poor cardiac autonomic control in the elderly},
	journal = {Environ Health Perspect},
	volume = {107},
	number = {7},
	year = {1999},
	pages = {521-525}
}


@article {Lin1999,
	author = {C. A. Lin and M. A. Martins and S. C. Farhat and C. A. Pope and G. M. Concei{\c{c}}{\~a}o and V. M. Anast{\'a}cio and M. Hatanaka and W. C. Andrade and W. R.  Hamaue and G. M. Bohm and P. H. Saldiva},
	title = {Air pollution and respiratory illness of children in {S}{\~a}o {P}aulo, {B}razil},
	journal = {Paediatric and Perinatal Epidemiology},
	volume = {13},
	number = {4},
	publisher = {Blackwell Science Ltd},
	issn = {1365-3016},
	url = {http://dx.doi.org/10.1046/j.1365-3016.1999.00210.x},
	doi = {10.1046/j.1365-3016.1999.00210.x},
	pages = {475-488},
	year = {1999},
}


@article{Link1979,
author = {C. L. Link},
title = {Confidence intervals for the survival function using Cox's proportional hazard model with covariates},
journal = {Technical Report No. 45, Stanford University, Dept. of Biostatistics},
year = {1979}
}

@article{Liu1978,
author = {P. Y. Liu and J. Crowley},
title = {Large sample theory of the MLE based on Cox's regression model for survival data},
journal = {Technical Report No. 1, University of Wisconsin-Madison, Wisconsin Clinical Cancer Center, Dept. of Biostatistics},
year = {1978}
}

@article{Lockhart2014,
	author = {Richard Lockhart and Jonathan Taylor and Ryan J. Tibshirani and Robert Tibshirani},
	title = {A significance test for the lasso},
	journal = {Annals of Statistics},
	volue = {42},
	number = {2},
	year = {2014}
}

@article{Mantel1966,
author = "Nathan Mantel",
title =  "Evaluation of survival data and two new rank order statistics arising in its consideration",
journal = "Cancer Chemotherapy Reports",
volume = "50",
number = "3",
pages = "163-170",
year = "1966"
}

@article{McGilchrist1991,
author = {C. A. McGilchrist and C. W. Aisbett},
title = {Regression with frailty in survival analysis},
journal = {Biometrica},
volume = {47},
year = {1991},
pages = {461-466}
}

@article{McGilchrist1993,
author = {C. A. McGilchrist},
title = {REML estimation for survival models with frailty},
journal = {Biometrica},
volume = {49},
year = {1993},
pages = {221-225}
}


@article{Muggeo2003,
	author = {Vito Muggeo},
	title = {Estimating Regression Models with Unknown Break-Points},
	journal = {Statistics in Medicine},
	volume = {22},
	year = {2003},
	pages = {3055-3071}
}


@article{Mulawa1997,
	author = {Patricia A. Mulawa and Steven H. Cadle and Kenneth Knapp and Roy Zweidinger and Richard Snow and Randy Lucas and Joseph Goldbach},
	title = {Effect of Ambient Temperature and {E}10 Fuel on Primary Exhaust Particulate Matter Emissions from Light-Duty Vehicles},
	journal = {American Chemical Society: Environ. Sci. Technol.},
	volume = {31 (5)},
	year = {1997},
	pages = {1302-1307}
}


@article{Naes1981,
author = {T. Naes},
title = {Estimation of the non-regression part of the hazard rate in Cox's regression model},
journal = {Research Report, Norwegian Food Research Institute, NHL-Aas},
year = {1981}
}

@article{Naes1982,
author = {T. Naes},
title = {The asymptotic distribution of the estimator for the regression parameter in Cox's regression model},
journal = {Scandinavian Journal of Statistics},
volume = {9},
year = {1982},
pages = {107-115}
}

@article{Nelder1972,
	author = {John A. Nelder and R. William M. Wedderburn},
	title = {Generalized linear	models},
	journal = {Stat Soc A},
	volume = {135},
	year = {1972},
	pages = {370-384}
}

@article{Nielsen1992,
author = {G. G. Nielsen and R. D. Gill and P. K. Andersen and T. I. A. Sorensen},
title = {A counting process approch to maximum likehood estimation in frailty models},
journal = {Scandinavian Journal of Statistics},
volume = {19},
year = {1992},
pages = {25-44}
}

@article{Oakes1982,
author = "David Oakes",
title = "A Model for Association in Bivariate Survival Data",
journal = "Journal of the Royal Statistical Society. Series B (Methodological)",
volume = "44",
number =  "3",
pages = "414-422",
year = "1982"
}

@article{Oakes1989,
author = "David Oakes",
title = "Bivariate Survival Models Induced by Frailties",
journal = "Journal of the American Statistical Association",
volume = "84",
number =  "406",
pages = "487-493",
year = "1989"
}

@article{Parner1998,
author = {E. Parner},
title = {Asymptotic theory for the correlated gamma-frailty model},
journal = {Ann. Statist.},
volume = {26},
year = {1998},
pages = {181-214}
}

@article{Patterson1971,
author = {H.D. Patterson and R. Thompson},
title = {Recovery of interblock information when block sizes are unequal},
journal = {Biometrika},
volume = {58},
year = {1971},
pages = {545-554}
}





@article{AfonsoPereira2004,
	author = {Pedro Afonso Pereira and Leilane Maria B. Santos and Eliane Teixeira Sousa and Jailson B. de Andrade},
	title = {Alcohol- and gasohol-fuels: a comparative chamber study of photochemical ozone formation},
	journal = {Journal of the Brazilian Chemical Society},
	volume = {15},
	number = {5},
	year = {2004},
	pages = {646-651}
}


@article{Peres2015,
author = "Pedro Jos{\'e} P{\'e}rez-Mart{\'i}nez and Maria de F{\'a}tima Andrade and Regina Maura de Miranda",
title = "Traffic-related air quality trends in {S}{\~a}o {P}aulo, {B}razil",
journal = "Journal of Geophysical Research: Atmospheres",
volume = "120",
year = "2015"
}


@article{Peters2000,
	author = {Annette Peters and Emerson Liu and Richard L. Verrier and Joel Schwartz and Diane R. Gold and Murray Mittleman and Jeff Baliff and J. Annie Oh and George Allen and Kevin Monahan and Douglas W. Dockery},
	title = {Air pollution and incidence of cardiac arrhythmia},
	journal = {Lippincott Williams \& Wilkins},
	volume = {11},
	number = {1},
	year = {2000},
	pages = {11-17}
}

@article{Pinheiro2006,
author = "Jos\'{e} C. Pinheiro and Edward C. Chao",
title = "Efficient Laplacian Multilevel Quadrature Algorithms for Generalized Linear Mixed Models",
journal = "Journal of Computational and Graphical Statistics",
volume = "15",
number= 1,
pages = "58-81",
year = "2006"
}

@article{Polezer2018,
	title = "Assessing the impact of PM2.5 on respiratory disease using artificial neural networks",
	journal = "Environmental Pollution",
	volume = "235",
	pages = "394 - 403",
	year = "2018",
	issn = "0269-7491",
	doi = "https://doi.org/10.1016/j.envpol.2017.12.111",
	url = "http://www.sciencedirect.com/science/article/pii/S0269749117337107",
	author = "Gabriela Polezer and Yara S. Tadano and Hugo V. Siqueira and Ana F.L. Godoi and Carlos I. Yamamoto and Paulo A. de {\'A}ndre and Theotonio Pauliquevis and Maria de F{\'a}tima Andrade and Andrea Oliveira and Paulo H.N. Saldiva and Philip E. Taylor and Ricardo H.M. Godoi"
}

@article{Pope2002,
	title = " Lung Cancer, Cardiopulmonary Mortality, and Long-term Exposure to Fine Particulate Air Pollution",
	journal = "American Medical Association",
	volume = "287",
	pages = "1132 - 1141",
	year = "2002",
	number = "9",
	author = "C. Arden Pope and Richard T. Burnett and Michael J. Thun and Eugenia E. Calle and Daniel Krewski and Kazuhiko Ito and  George D. Thurston"
}

@article{Rebolledo1980,
author = {R. Rebolledo},
title = {Central limit theorems for local martingales},
journal = {Z. Wahrsch. verw. Gebiette},
volume = {51},
pages = {269-286},
year = {1980}
}

@article{Ribeiro2016,
	author = {Marco Tulio Ribeiro and Sameer Singh and Carlos Guestrin},
	title = {``{W}hy Should {I} Trust You?'' {E}xplaining the Predictions of Any Classifier},
	journal = {arXiv:1602.04938v3 [cs.LG]},
	year = {2016}
}


@article{Ripatti2000,
author = "Samuli Ripatti and Juni Palmgren",
title = "Estimation of Multivariate Frailty Models Using Penalized Partial Likelihood",
journal = "Biometrics",
volume = "56",
pages = "1016-1022",
year = "2000"
}

@article{Roundeau2003,
author = "Virgine Rondeau and Daniel Commenges and Pierre Joly",
title = "Maximum Penalized Likelihood Estimation in a Gamma-Frailty Model",
journal = "Lifetime Data Analysis",
volume = "9",
pages = "139-153",
year = "2003"
}

@article{Saldiva1994,
	title = {Association between air pollution and mortality due to respiratory diseases in children in {S}{\~a}o {P}aulo, {B}razil: a preliminary report},
	journal = {Environmental Research},
	volume = {65},
	number = {2},
	pages = {218 - 225},
	year = {1994},
	issn = {0013-9351},
	doi = {http://dx.doi.org/10.1006/enrs.1994.1033},
	url = {http://www.sciencedirect.com/science/article/pii/S0013935184710334},
	author = {P. Saldiva and A. Lichtenfels and P. Paiva and I. Barone and M. Martins and E. Massad and J. Pereira and V. Xavier and J. Singer and G. Bohm},
	
}

@article{Saldiva1995,
	author = {Paulo H. N. Saldiva and C. Arden Pope and Joel Schwartz and Douglas W. Dockery and Ana Julia Lichtenfels and Joao Marcos Salge and Ivana Barone and Gyorgy Miklos Bohm},
	title = {Air pollution and mortality in elderly people: a time-series study in {S}{\~a}o {P}aulo, {B}razil},
	journal = {Archives of Environmental Health: An International Journal},
	volume = {50},
	year = {1995},
	pages = {159-163}
}

@article{Salvo2013,
author = "Alberto Salvo and Cristian Huse",
title = "Build it, but will they come? {E}vidence from consumer choice between gasoline and sugarcane ethanol",
journal = "Journal of Environmental Economics and Management",
number = "66",
pages = "251-279",
year = "2013"
}




@article{Salvo2014,
author = "Alberto Salvo and Franz M. Geiger",
title = "Reduction in local ozone levels in urban {S}{\~a}o {P}aulo due to a shift from ethanol to gasoline use",
journal = "Nature Geoscience",
volume = "7",
pages = "450-458",
year = "2014",
month = "Jun"
}

@article{Salvo2017,
	author = "Alberto Salvo and Joel Brito and Paulo Artaxo and Franz M. Geiger",
	title = "Reduced ultrafine particle levels in {S}{\~a}o {P}aulo's atmosphere during shifts from gasoline to ethanol use",
	journal = "Nature Communications",
	volume = "8",
	pages = "1-14",
	year = "2017",
	month = "Jul"
}

@article{Salvo2017b,
	author = "Alberto Salvo and Yi Wang",
	title = "Ethanol-blended gasoline policy and ozone pollution in {S}{\~a}o {P}aulo",
	journal = "Journal of the Association of Environmental and Resource Economists",
	volume = "4",
	number = "3",
	year = "2017",
	month = "Jun"
}

@article{Sanchez2006,
author = "Odon R. Sanchez-Ccoyllo and Rita Yuri Ynoue and Leila Droprinchinski Martins and Maria F{\'a}tima Andrade",
title = "Impacts of Ozone precursor limitation and meteorological variables on ozone concentration in {S}{\~a}o {P}aulo, {B}razil",
journal = "Atmospheric Environment",
number = "40",
pages = "S552-S562 S553",
year = "2006"
}



@article{Sarkar1987,
author = "Sanat K. Sarkar",
title = "A Continuous Bivariate Exponential Distribution",
journal = "Journal of the American Statistical Association",
volume = "82",
number = "398",
pages = "667-675",
year = "1987",
month = "Jun"
}


@article{SashaMadronich2014,
author = "Sacha Madronich",
title = "Ethanol and ozone",
journal = "Nature Geoscience: news \& views",
volume = "7",
pages = "395-397",
year = "2014",
month = "Jun"
}

@article{SchwartzMarcus1990,
	author = {Schwartz, Joel and Marcus, Allan},
	title = {Mortality and air pollution in {L}ondon: a time series analysis},
	journal = {American Journal of Epidemiology},
	volume = {131},
	number = {1},
	pages = {185},
	year = {1990},
	doi = {10.1093/oxfordjournals.aje.a115473},
	URL = { + http://dx.doi.org/10.1093/oxfordjournals.aje.a115473},
	eprint = {/oup/backfile/Content_public/Journal/aje/131/1/10.1093/oxfordjournals.aje.a115473/2/131-1-185.pdf}
}

@article{Schwartz1992,
	author = {Joel Schwartz and Douglas Dockery},
	title = {Particulate Air Pollution and Daily Mortality in {S}teubenville, {O}hio},
	journal = {American Journal of Epidemiology},
	volume = {135},
	number = {1},
	pages = {12-25},
	year = {1992}
}


@article{Schwartz1994,
	author = {Joel Schwartz},
	title = {Nonparametric smoothing in the analysis of air pollution and respiratory illness},
	journal = {Statistical Society of Canada},
	volume = {22},
	number = {4},
	pages = {471-487},
	year = {1994}
}


@article{Schwartz1996,
	author = {Joel Schwartz},
	title = {Air pollution and hospital admissions for respiratory disease},
	journal = {Epidemiology},
	volume = {1},
	number = {7},
	pages = {20-28},
	year = {1996},
	month = {Jan}
}


@article{SchwartzDockeryNeas1996,
	author = {J. Schwartz and D. W. Dockery and L. M. Neas},
	title = {Is daily mortality associated specifically with fine particles?},
	journal = {J Air Waste Manag Assoc},
	volume = {10},
	number = {46},
	pages = {927-939},
	year = {1996},
	month = {Oct}
}


@article{Sen1981,
author = {P. K. Sen},
title = {The Cox regression model, invariance principles for some induced quantile processes and some repeated significance tests},
journal = {Annals of Statistics},
number = {9},
pages = {109-121},
year = {1981}
}

@article {Shumway1982,
	author = {Robert Shumway and David Stoffer},
	title = {An approach to time series smoothing and forecasting using the {EM} algorithm},
	journal = {Journal of Time Series Analysis},
	volume = {3},
	number = {4},
	publisher = {Blackwell Publishing Ltd},
	issn = {1467-9892},
	url = {http://dx.doi.org/10.1111/j.1467-9892.1982.tb00349.x},
	doi = {10.1111/j.1467-9892.1982.tb00349.x},
	pages = {253--264},
	keywords = {Missing data, Kalman filter, EM algorithm, forecasting, maximum likelihood},
	year = {1982},
}


@article{Sillman1999,
	author = {S. Sillman},
	title = {The relation between ozone, {NO}$_x$ and hydrocarbons in urban and polluted rural environments},
	journal = {Atmos. Envir.},
	number = {33},
	pages = {1821-1845},
	year = {1999}
}


@article{Smyth1989,
	author = {G. K. Smyth},
	title = {Generalized linear models with varying dispersion},
	journal = {Journal of the Royal Statistical Society},
	number = {51},
	pages = {47-60},
	year = {1989}
}

@article{Suarez2011,
	title = "Application of an SVM-based regression model to the air quality study at local scale in the Avilés urban area (Spain)",
	journal = "Mathematical and Computer Modelling",
	volume = "54",
	number = "5",
	pages = "1453 - 1466",
	year = "2011",
	issn = "0895-7177",
	doi = "https://doi.org/10.1016/j.mcm.2011.04.017",
	url = "http://www.sciencedirect.com/science/article/pii/S0895717711002196",
	author = "A. Suarez Sanchez and P.J. Garcia Nieto and P. Riesgo Fernandez and J.J. del Coz Diaz and F.J. Iglesias-Rodriguez",
	keywords = "Air quality, Pollutant substances, Machine learning, Support vector regression"
}

@article{Therneau2003,
	author = {T. M. Therneau and Patricia M. Grambsch and V. S. Pankratz},
	title = {Penalized Survival Models and Frailty},
	journal = {Journal of Computational and Graphical Statistics},
	volume = {12:1},
	pages = {156-175},
	year = {2003}
}

@article{Thurston1985,
	title = "A quantitative assessment of source contributions to inhalable particulate matter pollution in metropolitan Boston",
	journal = "Atmospheric Environment (1967)",
	volume = "19",
	number = "1",
	pages = "9 - 25",
	year = "1985",
	issn = "0004-6981",
	author = "George D. Thurston and John D. Spengler"
}



@article{Vaupel1979,
author = "James W. Vaupel and Kenneth G. Manton and Eric Stallard",
title = "The impact of heterogeneity in individual frailty on the dynamics of mortality",
journal = "DEMOGRAPHY",
volume = "16",
number = "3",
pages = "439-454",
year = "1979"
}

@article{Williams1987,
	author = "Alistair D. Williams",
	title = "Generalized linear model diagnostic using the deviance and single case deletion",
	journal = "Applied Statistics",
	volume = "36",
	pages = "181-191",
	year = "1987"
}


@article{Yanowitz2009,
author = "J. Yanowitz and R. L. McCormick",
title = "Effect of {E}85 on tailpipe emissions from light-duty vehicles",
journal = "Journal of the Air \& Waste Management Association",
number = "59",
pages = "172-182",
year = "2009"
}



@article{Ying2009,
author = "Zhuming Ying and Xuexi Tie and Guohui Li",
title = "Sensitivity of ozone concentrations to diurnal variations of surface emissions in {M}exico {C}ity: A {WRF}/{C}hem modeling study",
journal = "Journal of the Air \& Waste Management Association",
number = "43",
pages = "851-859",
year = "2009"
}


@article{Yoon2009,
	author = "S. Yoon and S. Ha and H. Roh and C. Lee",
	title = "Effect of bioethanol as an alternative fuel on the emissions reduction characteristics and combustion stability in a spark ignition engine",
	journal = "Proceedings of the Institution of Mechanical Engineers, Part D: Journal of Automobile Engineering",
	volume = "223",
	pages = "941-951",
	year = "2009"
}


@book{Aalen2008,
	author = "O. O. Aalen and O. Borgan and H. K. Gjessing",
	title = "Survival and event history analysis: a process point of view",
	publisher = "Springer",
	year = "2008",
	address = "New York"
}

@book{Anderson2008,
	author = {R. Anderson},
	title = {Modern Methods for Robust Regression},
	publisher = {Sage University Paper Series on Quantitative Applications in the Social Sciences},
	year = "2008"
}


@book{Bolfa2006,
	author = "Bolfarine, H and Sandoval, M. C.",
	title = "Introdução a Inferência Estatística",
	publisher = "SBM",
	year = "2006",
	address = "S{\~a}o Paulo"
}

@book{Box1970,
	author = {George E. P. Box and Gwilym M. Jenkins},
	title = {Time series analysis: forecasting and control},
	publisher = {Holden-Day},
	year = {1970},
	address = {San Francisco}
}

@book{Bussab2013,
	author = {W. O. Bussab and P. A. Morettin},
	title = {Estat{\'i}stica B{\'a}sica},
	publisher = {Editora Saraiva},
	year = {2013},
	address = {S{\~a}o Paulo}
}

@book{Casella2001,
	author = {George Casella and Roger L. Berger},
	title = {Statistical Inference},
	publisher = {Duxbury Press; 2nd edition},
	year = {2001}
}

@book{Child2006,
	author = {D Child},
	title = {The Essentials of Factor Analysis},
	publisher = {Bloomsbury Academic Press},
	year = {2006},
	edition = {3}
}

@book{Colosimo2006,
	author = "Enrico Ant{\^o}nio Colosimo and Suely Ruiz Giolo",
	title = "An{\'a}lise de Sobreviv{\^e}ncia Aplicada",
	publisher = "Edgard Blucher",
	year = "2006",
	address = "S{\~a}o Paulo"
}

@book{Costigan1993,
	author = "T. M. Costigan and J. P. Klein",
	title = "Multivariate survival analysis based on frailty models",
	publisher = "A. P. Basu",
	year = "1993",
	address = "New York: North-Holland",
	series = "Advances in Reliability."
}

@book{Courant1953,
	author = {R. Courant and D. Hilbert},
	title = {Methods of Mathematical Physics},
	publisher = {Interscience},
	year = {1953},
	address = {New York and London},
	volume = {Vol. I}
}

@book{Cox1984,
	author = {D. R. Cox and D. Oakes},
	title = {Analysis of survival data},
	publisher = {Chapman and Hallv},
	year = {1984},
	address = {New York},
	series = {Monographs on statistics and applied probability}
}

@book{CoxNielsen1989,
	author = {O. E. Barndorff-Nielsen and D. R. Cox},
	title = {Asymptotic Techniques for Use in Statistics},
	publisher = {Chapman and Hall},
	year = {1989},
	address = {London},
	series = {Monographs on statistics and applied probability}
}

@book{Demidenko2013,
	author = {Eugene Demidenko},
	title = {Mixed models: theory and applications with R},
	publisher = {Wiley},
	year = {2013},
	address = {New York}
}



@book{Dobson1990,
	author = {Annette J. Dobson},
	title = {An introduction to generalized linear models},
	publisher = {Chapman and Hall},
	year = {1990},
	address = {New York}
}



@book{Efron1993,
	author = {B. Efron and R. Tibshirani},
	title = {An Introduction to the Bootstrap},
	publisher = {Chapman \& Hall/CRC},
	year = {1993},
	address = {Boca Raton, FL},
	series = {Monographs on statistics and applied probability}
}


@book{Everitt2011,
	author = {Brian Everitt and Torsten Hothorn},
	title = {An Introduction to Applied Multivariate Analysis with R},
	publisher = {Springer-Verlag New York},
	year = {2011},
	series = {Use R!}
}


@book{Fleming1991,
	author = {Thomas R. Fleming and David P. Harrington},
	title = {Counting Processes and Survival Analysis},
	publisher = {John Wiley \& Sons},
	year = {1991},
	address = {New Jersey},
	series = {Wiley series in probability and statistics}
}

@book{Galecki2013,
	author = {Andrzej Galecki and Tomasz Burzykowski},
	title = {Linear Mixed-Effects Models Using R},
	publisher = {Springer},
	year = {2013}
}

@book{Gilberto2013,
	author = {Gilberto A. Paula},
	title = {Modelos de Regress{\~a}o com apoio computacional},
	url = {https://www.ime.usp.br/~giapaula/texto_2013.pdf},
	year = {2013},
	address = {S{\~a}o Paulo}
}

@book{Hastie1990,
	author = {Trevor Hastie and Robert Tibshirani},
	title = {Generalized additive models},
	publisher = {London:Chapman \& Hall},
	year = {1990}
}

@book{Hastie2008,
	author = {Trevor Hastie and Robert Tibshirani and Jerome Friedman},
	title = {The Elements of Statistical Learning},
	publisher = {Springer},
	year = {2008},
	series = {Springer Series in Statistics}
}


@book{Hougaard2000,
	author = "P. Hougaard",
	title = "Analysis of multivariate survival data",
	publisher = "Springer",
	year = "2000",
	address = "New York",
	series = "Statistics for Biology and Health"
}

@book{Ian2016,
  author = {Ian Goodfellow and Yoshua Bengio and Aaron Courville},
  title = {Deep Learning},
  publisher = {The MIT Press},
  year = {2016},
}

@book{Jolliffe2002,
	author = "I. T. Jolliffe",
	title = "Principal Component Analysis",
	publisher = "Springer",
	year = "2002",
	series = "Springer Series in Statistics",
	edition = "2"
}


@book{Kalbfleisch2002,
	author = "J. D. Kalbfleisch and R. L. Prentice",
	title = "The Statistical Analysis of Failure Time Data",
	publisher = "J. Wiley",
	year = "2002",
	series = "Wiley Series in Probability and Statistics"
}

@book{Klein2005,
	author = {D. G. Kleinbaum and M. Klein},
	title = {Survival Analysis --- A Self-Lerning Text},
	publisher = {Springer},
	year = {2005},
	address = {New York},
	series = {Statistics for Biology and Health}
}

@book{Jacobson2002,
	author = {Mark Z. Jacobson},
	title = {Atmospheric Pollution History, Science, and Regulation},
	publisher = {Cambridge},
	year = {2002}
}


@book{James2013,
	author = {Gareth James and Daniela Witten and Trevor Hastie and Robert Tibshirani},
	title = {An Introduction to Statistical Learning},
	publisher = {Springer},
	year = {2013},
	address = {New York},
	series = {Springer Series in Statistics}
}

@book{Lawless2002,
	author = "J. F. Lawless",
	title = "Statistical Models and Methods for Lifetime Data",
	publisher = "Wiley-Interscience",
	year = "2002",
	address = "New York"
}

@book{LeeNelder2006,
	author = {Youngjo Lee and John A. Nelder and Yudi Pawitan},
	title = {Generalized Linear Models with Random Effects: unified analysis via H-likelihood},
	publisher = {Chapman and Hall/CRC},
	year = {2006},
	address = {Boca Raton}
}


@book{Leiva2015,
	author = {Victor Leiva},
	title = {The {B}irnbaum-{S}aunders distribution},
	publisher = {Academic Press; 1 edition},
	year = {2015}
}


@book{Leland2005,
	author = {Leland Wilkinson},
	title = {The Grammar of Graphics},
	publisher = {Springer. 2nd edition},
	series = {Statistics and Computing},
	year = {2005}
}

@book{Lima2013,
	author = {Marcos Magalh{\~a}es and Antonio Carlos Pedroso Lima},
	title = {No\c{c}{\~o}es de {P}robabilidade e {E}stat{\'i}stica},
	publisher = {Edusp},
	year = {2013}
}

@book{Konishi2008,
	author = {Sadanori Konishi and Genshiro Kitagawa},
	title = {Information Criteria and Statistical Modeling},
	publisher = {Springer},
	year = {2008}
}

@book{McCulloch2001,
	author = {Charles E. McCulloch and Shayle R. Searle},
	title = {Generalized, linear, and mixed models},
	publisher = {Wiley},
	year = {2001},
	address = {New York}
}

@book{Morettin2004,
	author = {Pedro A. Morettin and Clelia M. C. Toloi},
	title = {An{\'a}lise de Series Temporais},
	publisher = {ABE - Projeto Fisher e Editora Edgard Blucher},
	year = {2004},
	address = {S{\~a}o Paulo}
}


@book{Neter2005,
	author = "M. H. Kutner and C. J. Nachtsheim and J. Neter and W. Li",
	title = "Applied Linear Statistical Models",
	publisher = "McGraw-Hill",
	year = "2005",
	address = "New York",
	series = "McGraw-HillfIrwin series Operations and decision sciences"
}

@book{Nicholson2006,
	author = {W. Keith Nicholson},
	title = {Elementary Linear Algebra},
	publisher = {McGraw-Hill Ryerson},
	year = {2001},
	edition = {2}	
} 

@book{OQuigley2008,
	author = "J. O'Quigley",
	title = "Proportional Hazards Regression",
	publisher = "Springer",
	year = "2008",
	address = "New York",
	series = "Statistics for Biology and Health"
}


@book{R4DS2017,
	author = {Hadley Wickham and Garrett Grolemund},
	title = {R for Data Science},
	publisher = {O'Reilly},
	edition = {1},
	year = {2017}
}


@book{Sen2009,
	author = {Pranab Kumar Sen and Julio da Mota Singer and Antonio Carlos Pedroso de Lima},
	title = {From Finite Sample to Asymptotic Methods in Statistics},
	edition = {1},
	publisher = {Cambridge: Cambridge University Press},
	year = {2009}
}


@book{Simon2006,
	author = {Simon N. Wood},
	title = {Generalized Additive Models: An Introduction with R},
	edition = {1},
	publisher = {Chapman and Hall/CRC},
	year = {2006},
	series = {Chapman \& Hall/CRC Texts in Statistical Science}
}

@book{Shumway2006,
	author = {Robert H. Shumway and David S. Stoffer},
	title = {Time Series Analysis and Its Applications (with R examples)},
	edition = {2},
	publisher = {Springer},
	year = {2006},
	address = {New York},
	series = {Springer Texts in Statistics}
}



@book{Singer2018,
	author = "Julio Singer and Juv{\^e}ncio Nobre and Francisco Marcelo Rocha",
	title = "An{\'a}lise de Dados Longitudinais (vers{\~a}o parcial preliminar)",
	publisher = "http://www.ime.usp.br/~jmsinger/Textos",
	year = "2018",
	address = "S{\~a}o Paulo"
}


@book{Sprott2000,
	author = {D. A. Sprott},
	title = {Statistical Inference in Science},
	publisher = {Springer},
	year = {2000},
	series = {Springer Series in Statistics}
}


@book{Therneau2000,
	author = "T. M. Therneau and Patricia M. Grambsch",
	title = "Modeling survival data: extending the Cox model",
	publisher = "Springer: Statistics for Biology and Health",
	year = "2000",
	address = "New York"
}

@book{Xian2012,
	author = "X. Liu",
	title = "Survival Analysis --- Models and Applications",
	publisher = "McGraw-Hill",
	year = "2012",
	address = "United Kingdom",
	series = "Wiley: Higher Education Press"
}

@book{Zannetti1990,
	author = {P. Zannetti},
	title = {Air pollution modelling: theories, computational methods and available software},
	publisher = {Springer Science+Business Media, LLC},
	year = {1990},
	address = {New York}
}


@Manual{R2016,
    title = {R: A Language and Environment for Statistical Computing},
    author = {{R Core Team}},
    organization = {R Foundation for Statistical Computing},
    address = {Vienna, Austria},
    year = {2016},
    url = {https://www.R-project.org/},
  }


@misc{EC_Climate_Action,
  author = {{European Commission}},
  title = {Climate Action},
  howpublished = "\url{https://ec.europa.eu/clima/policies/strategies/2050_en}",
  year = {2011},
  note = "[Online; acessado 15-03-2017]"
}

@misc{WHO-pollution-2012,
	author = {Tarik Jasarevic and Glenn Thomas and Nada Osseiran},
	title = {{7 million premature deaths annually linked to air pollution}},
	howpublished = "\url{http://www.who.int/mediacentre/news/releases/2014/air-pollution/en/}",
	year = {2014}, 
	note = "[Online; acessado 13-03-2017]"
}


@TECHREPORT{GiselaAntonio2005,
	author = {Gisela Tunes and Antonio Carlos Pedroso de Lima},
	title = {A bootstrap evaluation of Wald test for the variance of random effects in survival analysis},
	institution = {Instituto de Matem{\'a}tica e Estat{\'i}stica da Universidade de S{\~a}o},
	year = {2005},
	number = {RT-MAE 2005-28}
}

@TECHREPORT{WHO2004,
	author = {World Health Organization WHO},
	title = {Health aspects of air pollution},
	year = {2004},
	number = {E83080}
}



