@book{James2013,
	author = {Gareth James and Daniela Witten and Trevor Hastie and Robert Tibshirani},
	title = {An Introduction to Statistical Learning},
	publisher = {Springer},
	year = {2013},
	address = {New York},
	series = {Springer Series in Statistics}
}

@book{Colosimo2006,
	author = "Enrico Ant{\^o}nio Colosimo and Suely Ruiz Giolo",
	title = "An{\'a}lise de Sobreviv{\^e}ncia Aplicada",
	publisher = "Edgard Blucher",
	year = "2006",
	address = "S{\~a}o Paulo"
}

@book{Ian2016,
  author = {Ian Goodfellow and Yoshua Bengio and Aaron Courville},
  title = {Deep Learning},
  publisher = {The MIT Press},
  year = {2016},
}
