@Manual{inst-fisc-indep,
  title = {Relatório de Acompanhamento Fiscal de Novembro},
  author = {Instituição Fiscal Independente},
  organization = {Instituição Fiscal Independente},
  year = {2018},
  url = {http://www2.senado.leg.br/bdsf/bitstream/handle/id/549985/RAF22_NOV2018_Orcamento.pdf},
}
@Manual{r-core,
    title = {R: A Language and Environment for Statistical Computing},
    author = {{R Core Team}},
    organization = {R Foundation for Statistical Computing},
    address = {Vienna, Austria},
    year = {2020},
    url = {https://www.R-project.org/},
  }

@Manual{esl,
    title = {The Elements of Statistical Learning},
    author = {Hastie, Tibshirani and Friedman},
    organization = {Springer-Verlag},
    address = {Vienna, Austria},
    year = {2009},
    url = {https://web.stanford.edu/~hastie/ElemStatLearn/},
  }


@Manual{xgboost,
 author = {Chen, Tianqi and Guestrin, Carlos},
 title = {{XGBoost}: A Scalable Tree Boosting System},
 year = {2016},
 location = {San Francisco, California, USA},
 url = {http://doi.acm.org/10.1145/2939672.2939785},
 publisher = {ACM},
 address = {New York, NY, USA},
}
